@article{chang08articulated,
	author = {Will Chang and Matthias Zwicker},
	title = {Automatic Registration for Articulated Shapes},
	journal = {Computer Graphics Forum (Proceedings of SGP 2008)},
	volume = {27},
	number = {5},
	year = {2008},
	pages = {1459--1468},
	address = {Copenhagen, Denmark}
}

@inproceedings{Anguelov04,
	author = {Anguelov, Dragomir and Koller, Daphne and Pang, Hoi-Cheung and Srinivasan, Praveen and Thrun, Sebastian},
	title = {Recovering Articulated Object Models from 3D Range Data},
	booktitle = {Proceedings of the 20th Conference on Uncertainty in Artificial Intelligence},
	series = {UAI '04},
	year = {2004},
	isbn = {0-9749039-0-6},
	location = {Banff, Canada},
	pages = {18--26},
	numpages = {9},
	url = {http://dl.acm.org/citation.cfm?id=1036843.1036846},
	acmid = {1036846},
	publisher = {AUAI Press},
	address = {Arlington, Virginia, United States},
} 

@incollection{CorrelatedCorrespondance,
	title = {The Correlated Correspondence Algorithm for Unsupervised Registration of Nonrigid Surfaces},
	author = {Dragomir Anguelov and Praveen Srinivasan and Hoi-cheung Pang and Daphne Koller and Sebastian Thrun and James Davis},
	booktitle = {Advances in Neural Information Processing Systems 17},
	editor = {L. K. Saul and Y. Weiss and L. Bottou},
	pages = {33--40},
	year = {2005},
	publisher = {MIT Press},
	url = {http://papers.nips.cc/paper/2601-the-correlated-correspondence-algorithm-for-unsupervised-registration-of-nonrigid-surfaces.pdf}
}

@article{Mitra07,
	author = {Mitra, Niloy J. and Guibas, Leonidas J. and Pauly, Mark},
	title = {Symmetrization},
	journal = {ACM Trans. Graph.},
	issue_date = {July 2007},
	volume = {26},
	number = {3},
	month = jul,
	year = {2007},
	issn = {0730-0301},
	articleno = {63},
	url = {http://doi.acm.org/10.1145/1276377.1276456},
	doi = {10.1145/1276377.1276456},
	acmid = {1276456},
	publisher = {ACM},
	address = {New York, NY, USA},
	keywords = {correspondence, matching, shape analysis, shape optimization, symmetry},
} 

@article{chang09range,
	author = {Will Chang and Matthias Zwicker},
	title = {Range Scan Registration Using Reduced Deformable Models},
	journal = {Computer Graphics Forum (Proceedings of Eurographics 2009), to appear},
	volume = {},
	number = {},
	year = {},
	pages = {},
	address = {}
}

@article{survey,
	title={Registration of 3D point clouds and meshes: a survey from rigid to nonrigid},
	author={Tam, Gary KL and Cheng, Zhi-Quan and Lai, Yu-Kun and Langbein, Frank C and Liu, Yonghuai and Marshall, David and Martin, Ralph R and Sun, Xian-Fang and Rosin, Paul L},
	journal={IEEE transactions on visualization and computer graphics},
	volume={19},
	number={7},
	pages={1199--1217},
	year={2013},
	publisher={IEEE}
}

@article{guo2016correspondence,
	title={Correspondence estimation for non-rigid point clouds with automatic part discovery},
	author={Guo, Hao and Zhu, Dehai and Mordohai, Philippos},
	journal={The Visual Computer},
	volume={32},
	number={12},
	pages={1511--1524},
	year={2016},
	publisher={Springer}
}

@image{stanfordBunny,
	author = { Peng  Li,Jian  Wang,Yindi  Zhao,Yanxia  Wang,Yifei  Yao},
	title = {Improved algorithm for point cloud registration based on fast point feature histograms},
	journal = {Journal of Applied Remote Sensing},
	volume = {10},
	number = {},
	pages = {10 - 10 - 23},
	year = {2016},
	doi = {10.1117/1.JRS.10.045024},
	URL = {http://dx.doi.org/10.1117/1.JRS.10.045024},
	eprint = {}
}

@Image{registrationHuman,
	author = {Ge, Song and Fan, Guoliang},
	title = {Articulated Non-Rigid Point Set Registration for Human Pose Estimation from 3D Sensors},
	journal = {Sensors},
	volume = {15},
	year = {2015},
	number = {7},
	pages = {15218--15245},
	URL = {http://www.mdpi.com/1424-8220/15/7/15218},
	PubMedID = {26131673},
	ISSN = {1424-8220},
}

@image{poseEstimation,
	title={Multi-person pose estimation with local joint-to-person associations},
	author={Iqbal, Umar and Gall, Juergen},
	booktitle={European Conference on Computer Vision},
	pages={627--642},
	year={2016},
	organization={Springer}
}

@inproceedings{ICP,
	title={Method for registration of 3-D shapes},
	author={Besl, Paul J and McKay, Neil D},
	booktitle={Sensor Fusion IV: Control Paradigms and Data Structures},
	volume={1611},
	pages={586--607},
	year={1992},
	organization={International Society for Optics and Photonics}
}

@online{MotionCapture,
	author = {UltimateFIFA},
	title = {FIFA 13 Motion Capture Session},
	year = {2013},
	url = {http://ultimatefifa.com/2012/fifa-13-motion-capture-session/},
	urldate = {2018-02-01}
}