@article{chang08articulated,
	author = {Chang, Will and Zwicker, Matthias},
	title = {Automatic Registration for Articulated Shapes},
	journal = {Computer Graphics Forum (Proceedings of Symposium on Geometry Processing 2008)},
	volume = {27},
	number = {5},
	year = {2008},
	pages = {1459--1468},
	address = {Copenhagen, Denmark}
}

@inproceedings{Anguelov04,
	author = {Anguelov, Dragomir and Koller, Daphne and Pang, Hoi-Cheung and Srinivasan, Praveen and Thrun, Sebastian},
	title = {Recovering Articulated Object Models from 3D Range Data},
	booktitle = {Proceedings of the 20th Conference on Uncertainty in Artificial Intelligence},
	series = {UAI '04},
	year = {2004},
	isbn = {0-9749039-0-6},
	location = {Banff, Canada},
	pages = {18--26},
	numpages = {9},
	acmid = {1036846},
	publisher = {AUAI Press},
	address = {Arlington, Virginia, United States},
} 

@incollection{CorrelatedCorrespondance,
	title = {The Correlated Correspondence Algorithm for Unsupervised Registration of Nonrigid Surfaces},
	author = {Anguelov, Dragomir and Srinivasan, Praveen and Pang, Hoi-cheung and  Koller, Daphne and Thrun, Sebastian and Davis, James},
	booktitle = {Advances in Neural Information Processing Systems 17},
	editor = {Saul, L. K.  and Weiss, Y. and Bottou, L. },
	pages = {33--40},
	year = {2005},
	publisher = {MIT Press},
}

@article{Mitra07,
	author = {Mitra, Niloy J. and Guibas, Leonidas J. and Pauly, Mark},
	title = {Symmetrization},
	journal = {ACM Transactions on Graphics},
	issue_date = {July 2007},
	volume = {26},
	number = {3},
	month = {7},
	year = {2007},
	issn = {0730-0301},
	articleno = {63},
	publisher = {ACM},
	address = {New York, NY, USA},
	keywords = {correspondence, matching, shape analysis, shape optimization, symmetry},
} 

@article{chang09range,
	author = {Chang, Will and Zwicker, Matthias},
	title = {Range Scan Registration Using Reduced Deformable Models},
	journal = {Computer Graphics Forum (Proceedings of Eurographics 2009)},
	volume={28},
	number={2},
	pages={447--456},
	year={2009},
	organization={Wiley Online Library}
}

@article{guo2016correspondence,
	title={Correspondence estimation for non-rigid point clouds with automatic part discovery},
	author={Guo, Hao and Zhu, Dehai and Mordohai, Philippos},
	journal={The Visual Computer},
	volume={32},
	number={12},
	pages={1511--1524},
	year={2016},
	publisher={Springer}
}

@Image{stanfordBunny,
	author = {Peng, Li and Jian, Wang},
	title = {Improved algorithm for point cloud registration based on fast point feature histograms},
	journal = {Journal of Applied Remote Sensing},
	volume = {10},
	number = {5},
	pages = {10--23},
	year = {2016},
	URL = {http://dx.doi.org/10.1117/1.JRS.10.045024}
}

@Image{registrationHuman,
	author = {Ge, Song and Fan, Guoliang},
	title = {Articulated Non-Rigid Point Set Registration for Human Pose Estimation from 3D Sensors},
	journal = {Sensors},
	volume = {15},
	year = {2015},
	number = {7},
	pages = {15218--15245},
	URL = {http://www.mdpi.com/1424-8220/15/7/15218},
	PubMedID = {26131673},
	ISSN = {1424-8220},
}

@image{poseEstimation,
	title={Multi-person pose estimation with local joint-to-person associations},
	author={Iqbal, Umar and Gall, Juergen},
	booktitle={European Conference on Computer Vision},
	pages={627--642},
	year={2016},
	organization={Springer}
}

@inproceedings{ICP,
	title={Method for registration of 3-D shapes},
	author={Besl, Paul J and McKay, Neil D},
	booktitle={Sensor Fusion IV: Control Paradigms and Data Structures},
	volume={1611},
	pages={586--607},
	year={1992},
	organization={International Society for Optics and Photonics}
}

@online{MotionCapture,
	author = {UltimateFIFA},
	title = {FIFA 13 Motion Capture Session},
	year = {2013},
	url = {http://ultimatefifa.com/2012/fifa-13-motion-capture-session/},
	urldate = {2018-02-01}
}

@inproceedings{multiLayerSkeleton,
	title={Multi-Layer Skeleton Fitting for Online Human Motion Capture.},
	author={Magnor, Marcus A},
	year={2002}
}

@inproceedings{michoud2007real,
	title={Real-time marker-free motion capture from multiple cameras},
	author={Michoud, Brice and Guillou, Erwan and Briceno, Hector and Bouakaz, Sa{\"\i}da},
	booktitle={Computer Vision, 2007. ICCV 2007. IEEE 11th International Conference on},
	pages={1--7},
	year={2007},
	organization={IEEE}
}

@inproceedings{de2008hierarchical,
	title={A hierarchical segmentation of articulated bodies},
	author={De Goes, Fernando and Goldenstein, Siome and Velho, Luiz},
	booktitle={Computer graphics forum},
	volume={27},
	number={5},
	pages={1349--1356},
	year={2008},
	organization={Wiley Online Library}
}

@inproceedings{FPFH,
	title={Fast point feature histograms (FPFH) for 3D registration},
	author={Rusu, Radu Bogdan and Blodow, Nico and Beetz, Michael},
	booktitle={Robotics and Automation, 2009. ICRA'09. IEEE International Conference on},
	pages={3212--3217},
	year={2009},
	organization={IEEE}
}

@inproceedings{PPFH,
	title={Persistent point feature histograms for 3D point clouds},
	author={Rusu, Radu Bogdan and Marton, Zoltan Csaba and Blodow, Nico and Beetz, Michael},
	booktitle={Proc 10th Int Conf Intel Autonomous Syst (IAS-10), Baden-Baden, Germany},
	pages={119--128},
	year={2008},
	organization={IOS Press}
}

@book{normals,
	title={Surface reconstruction from unorganized points},
	author={Hoppe, Hugues and DeRose, Tony and Duchamp, Tom and McDonald, John and Stuetzle, Werner},
	volume={26},
	number={2},
	year={1992},
	publisher={ACM}
}

@inproceedings{surfletPairRelation,
	title={Surflet-pair-relation histograms: a statistical 3D-shape representation for rapid classification},
	author={Wahl, Eric and Hillenbrand, Ulrich and Hirzinger, Gerd},
	booktitle={3-D Digital Imaging and Modeling, 2003. 3DIM 2003. Proceedings. Fourth International Conference on},
	pages={474--481},
	year={2003},
	organization={IEEE}
}

@inproceedings{localFeatureHistograms,
	title={3D object recognition from range images using local feature histograms},
	author={Hetzel, G{\"u}nter and Leibe, Bastian and Levi, Paul and Schiele, Bernt},
	booktitle={Computer Vision and Pattern Recognition, 2001. CVPR 2001. Proceedings of the 2001 IEEE Computer Society Conference on},
	volume={2},
	pages={II--II},
	year={2001},
	organization={IEEE}
}

@incollection{ransac,
	title={Random sample consensus: a paradigm for model fitting with applications to image analysis and automated cartography},
	author={Fischler, Martin A and Bolles, Robert C},
	booktitle={Readings in computer vision},
	pages={726--740},
	year={1987},
	publisher={Elsevier}
}

% model based pose estimation

@inproceedings{locallyConstrained,
	title={Pose locality constrained representation for 3d human pose reconstruction},
	author={Fan, Xiaochuan and Zheng, Kang and Zhou, Youjie and Wang, Song},
	booktitle={European Conference on Computer Vision},
	pages={174--188},
	year={2014},
	organization={Springer}
}

@inproceedings{spatialHierarchy,
	title={Exploring the spatial hierarchy of mixture models for human pose estimation},
	author={Tian, Yuandong and Zitnick, C Lawrence and Narasimhan, Srinivasa G},
	booktitle={European Conference on Computer Vision},
	pages={256--269},
	year={2012},
	organization={Springer}
}

@inproceedings{mocap,
	title={Markerless motion capture using multiple cameras},
	author={Sundaresan, Aravind and Chellappa, Rama},
	booktitle={Computer Vision for Interactive and Intelligent Environment, 2005},
	pages={15--26},
	year={2005},
	organization={IEEE}
}

@inproceedings{action2.5,
	title={Action recognition with exemplar based 2.5 d graph matching},
	author={Yao, Bangpeng and Fei-Fei, Li},
	booktitle={European Conference on Computer Vision},
	pages={173--186},
	year={2012},
	organization={Springer}
}

%shape fitting markers

@inproceedings{generativeModel,
	title={A generative model for simultaneous estimation of human body shape and pixel-level segmentation},
	author={Rauschert, Ingmar and Collins, Robert T},
	booktitle={European Conference on Computer Vision},
	pages={704--717},
	year={2012},
	organization={Springer}
}

@inproceedings{mocapShapeFitting,
	title={Real-time marker-free motion capture from multiple cameras},
	author={Michoud, Brice and Guillou, Erwan and Briceno, Hector and Bouakaz, Sa{\"\i}da},
	booktitle={Computer Vision, 2007. ICCV 2007. IEEE 11th International Conference on},
	pages={1--7},
	year={2007},
	organization={IEEE}
}

@inproceedings{mocapMultiLayer,
	title={Multi-Layer Skeleton Fitting for Online Human Motion Capture.},
	author={Magnor, Marcus A},
	year={2002}
}

@inproceedings{hierarchicalMethod,
	title={A new hierarchical method for markerless human pose estimation},
	author={Lei, Yuan and Pan, Huawei and Chen, Weixia and Gao, Chunming},
	booktitle={International Conference on Computer Vision Systems},
	pages={163--172},
	year={2013},
	organization={Springer}
}

%surveys

@inproceedings{shapeCorrespondence,
	title={A survey on shape correspondence},
	author={Van Kaick, Oliver and Zhang, Hao and Hamarneh, Ghassan and Cohen-Or, Daniel},
	booktitle={Computer Graphics Forum},
	volume={30},
	number={6},
	pages={1681--1707},
	year={2011},
	organization={Wiley Online Library}
}

@article{survey,
	title={Registration of 3D point clouds and meshes: a survey from rigid to nonrigid},
	author={Tam, Gary KL and Cheng, Zhi-Quan and Lai, Yu-Kun and Langbein, Frank C and Liu, Yonghuai and Marshall, David and Martin, Ralph R and Sun, Xian-Fang and Rosin, Paul L},
	journal={IEEE transactions on visualization and computer graphics},
	volume={19},
	number={7},
	pages={1199--1217},
	year={2013},
	publisher={IEEE}
}

@inproceedings{probabilisticRegistration,
	title={Segmentation and probabilistic registration of articulated body models},
	author={Sundaresan, Aravind and Chellappa, Rama},
	booktitle={Pattern Recognition, 2006. ICPR 2006. 18th International Conference on},
	volume={2},
	pages={92--96},
	year={2006},
	organization={IEEE}
}

% motion related pose estimation

@inproceedings{segmentationMotion,
	title={3d articulated shape segmentation using motion information},
	author={Kalafatlar, Emre and Yemez, Yucel},
	booktitle={Pattern Recognition (ICPR), 2010 20th International Conference on},
	pages={3595--3598},
	year={2010},
	organization={IEEE}
}

@article{sfsMocap,
	title={Shape-from-silhouette across time part ii: Applications to human modeling and markerless motion tracking},
	author={Baker, Simon and Kanade, Takeo and others},
	journal={International Journal of Computer Vision},
	volume={63},
	number={3},
	pages={225--245},
	year={2005},
	publisher={Springer}
}

@article{animatedObjects,
	title={Segmenting animated objects into near-rigid components},
	author={Wuhrer, Stefanie and Brunton, Alan},
	journal={The Visual Computer},
	volume={26},
	number={2},
	pages={147--155},
	year={2010},
	publisher={Springer}
}

@inproceedings{fastAndPrecise,
	title={Fast and precise kinematic skeleton extraction of 3d dynamic meshes},
	author={Tierny, Julien and Vandeborre, Jean-Philippe and Daoudi, Mohamed},
	booktitle={Pattern Recognition, 2008. ICPR 2008. 19th International Conference on},
	pages={1--4},
	year={2008},
	organization={IEEE}
}

@inproceedings{deterministic,
	title={Deterministic 3d human pose estimation using rigid structure},
	author={Valmadre, Jack and Lucey, Simon},
	booktitle={European Conference on Computer Vision},
	pages={467--480},
	year={2010},
	organization={Springer}
}

@inproceedings{fullBodyPerformance,
	title={Full body performance capture under uncontrolled and varying illumination: A shading-based approach},
	author={Wu, Chenglei and Varanasi, Kiran and Theobalt, Christian},
	booktitle={European Conference on Computer Vision},
	pages={757--770},
	year={2012},
	organization={Springer}
}

@inproceedings{exampleBased,
	title={Example-based skeleton extraction},
	author={Schaefer, Scott and Yuksel, Can},
	booktitle={Symposium on Geometry Processing},
	pages={153--162},
	year={2007},
	organization={Citeseer}
}

@inproceedings{automaticConversion,
	title={Automatic Conversion of Mesh Animations into Skeleton-based Animations},
	author={De Aguiar, Edilson and Theobalt, Christian and Thrun, Sebastian and Seidel, Hans-Peter},
	booktitle={Computer Graphics Forum},
	volume={27},
	number={2},
	pages={389--397},
	year={2008},
	organization={Wiley Online Library}
}

@inproceedings{articulatedBodyDeformation,
	title={Articulated body deformation from range scan data},
	author={Allen, Brett and Curless, Brian and Popovi{\'c}, Zoran},
	booktitle={ACM Transactions on Graphics (TOG)},
	volume={21},
	number={3},
	pages={612--619},
	year={2002},
	organization={ACM}
}

% scanning/reconstruction

@inproceedings{dictionariesReconstruction,
	title={Reconstructing shape from dictionaries of shading primitives},
	author={Panagopoulos, Alexandros and Hadap, Sunil and Samaras, Dimitris},
	booktitle={Asian Conference on Computer Vision},
	pages={80--94},
	year={2012},
	organization={Springer}
}

@inproceedings{3DreconstructionImage,
	title={Precise 3d reconstruction from a single image},
	author={Zou, Changqing and Liu, Jianbo and Liu, Jianzhuang},
	booktitle={Asian Conference on Computer Vision},
	pages={271--282},
	year={2012},
	organization={Springer}
}

@inproceedings{multiViewShapeFromShading,
	title={Shading-aware multi-view stereo},
	author={Langguth, Fabian and Sunkavalli, Kalyan and Hadap, Sunil and Goesele, Michael},
	booktitle={European Conference on Computer Vision},
	pages={469--485},
	year={2016},
	organization={Springer}
}

@inproceedings{SDF2SDF,
	title={Sdf-2-sdf: Highly accurate 3d object reconstruction},
	author={Slavcheva, Miroslava and Kehl, Wadim and Navab, Nassir and Ilic, Slobodan},
	booktitle={European Conference on Computer Vision},
	pages={680--696},
	year={2016},
	organization={Springer}
}

@inproceedings{reconstruction2Dlandmarks,
	title={Reconstructing 3d human pose from 2d image landmarks},
	author={Ramakrishna, Varun and Kanade, Takeo and Sheikh, Yaser},
	booktitle={European Conference on Computer Vision},
	pages={573--586},
	year={2012},
	organization={Springer}
}

@inproceedings{multiViewStereoReconstruction,
	title={Accurate multi-view stereo 3D reconstruction for cost-effective plant phenotyping},
	author={Lou, Lu and Liu, Yonghuai and Han, Jiwan and Doonan, John H},
	booktitle={International Conference Image Analysis and Recognition},
	pages={349--356},
	year={2014},
	organization={Springer}
}